@ARTICLE{Chistikov2021,
       author = {{Chistikov}, D.~N. and {Finenko}, A.~A. and {Kalugina}, Y.~N. and {Lokshtanov}, S.~E. and {Petrov}, S.~V. and {Vigasin}, A.~A.},
        title = "{Simulation of collision-induced absorption spectra based on classical trajectories and ab initio potential and induced dipole surfaces. II. CO$_{2}$-Ar rototranslational band including true dimer contribution}",
      journal = {Journal of Chemical Physics},
         year = 2021,
       volume = {155},
       number = {6},
          eid = {064301},
        pages = {064301},
          doi = {10.1063/5.0060779},
       adsurl = {https://ui.adsabs.harvard.edu/abs/2021JChPh.155f4301C},
      adsnote = {Provided by the SAO/NASA Astrophysics Data System}
}

@ARTICLE{Kowalski2014,
       author = {{Kowalski}, Piotr M.},
        title = "{Infrared absorption of dense helium and its importance in the atmospheres of cool white dwarfs}",
      journal = {Astronomy \& Astrophysics},
     keywords = {atomic processes, dense matter, stars: atmospheres, white dwarfs, Astrophysics - Solar and Stellar Astrophysics, Condensed Matter - Materials Science, Physics - Atomic Physics, Physics - Computational Physics},
         year = 2014,
        month = jun,
       volume = {566},
          eid = {L8},
        pages = {L8},
          doi = {10.1051/0004-6361/201424242},
archivePrefix = {arXiv},
       eprint = {1406.4591},
 primaryClass = {astro-ph.SR},
       adsurl = {https://ui.adsabs.harvard.edu/abs/2014A&A...566L...8K},
      adsnote = {Provided by the SAO/NASA Astrophysics Data System}
}


